@book{harris,
  title={The Theory of Branching Processes},
  author={Harris, Theodore E},
  year={2002},
  publisher={Courier Corporation}
}

@article{smsPaper,
  title={Estimation of mutation rates from fluctuation experiments via probability generating functions},
  author={Montgomery-Smith, Stephen and Le, Anh and Smith, George and Oveys, Hesam and Pisechko, Dylan and Yates, Austin},
  journal={Unpublished},
  volume={},
  number={},
  pages={},
  year={2015},
  publisher={Preprint},
  note={{\tt arXiv:1608.04175}}
}


@article{luriaDelbruck,
  title={Mutations of bacteria from virus sensitivity to virus resistance},
  author={Luria, Salvador E and Delbr{\"u}ck, Max},
  journal={Genetics},
  volume={28},
  number={6},
  pages={491},
  year={1943},
  publisher={Genetics Society of America}
}

@article{leaCoulson,
  title={The distribution of the numbers of mutants in bacterial populations},
  author={Lea, DE and Coulson, Charles Alfred},
  journal={Journal of Genetics},
  volume={49},
  number={3},
  pages={264--285},
  year={1949},
  publisher={Springer}
}

@article{sarkarHaldane,
  title={Haldane's solution of the {L}uria-{D}elbruck distribution},
  author={Sarkar, Sahotra},
  journal={Genetics},
  volume={127},
  number={2},
  pages={257},
  year={1991},
  publisher={Genetics Society of America}
}

@article{bellmanHarris,
  title={On age-dependent binary branching processes},
  author={Bellman, Richard and Harris, Theodore E},
  journal={Annals of Mathematics},
  volume={55},
  pages={280--295},
  year={1952}
}

@article{mss,
  title={Analysis of the {L}uria-{D}elbr{\"u}ck distribution using discrete convolution powers},
  author={Ma, WT and Sandri, G Vh and Sarkar, S},
  journal={Journal of Applied Probability},
  pages={255--267},
  year={1992}
}

@book{widder,
  title={The Laplace Transform},
  author={Widder, David V},
  year={1946},
  publisher={Princeton University Press}
}

@book{folland,
  title={Real Analysis: Modern Techniques and Their Applications},
  author={Folland, G.B.},
  isbn={9781118626399},
  series={Pure and Applied Mathematics: A Wiley Series of Texts, Monographs and Tracts},
  url={http://books.google.com/books?id=wI4fAwAAQBAJ},
  year={2013},
  publisher={Wiley}
}


@article{ycart,
  title={Fluctuation analysis: can estimates be trusted?},
  author={Ycart, Bernard},
  journal={PloS one},
  volume={8},
  number={12},
  pages={e80958},
  year={2013},
  publisher={Public Library of Science}
}

@phdthesis{Oveys-thesis,
  title={Age-dependent Branching Processes and Applications to the Luria-Delbr\"uck Experiment},
  author={Oveys, Hesam},
  school={University of Missouri},
  year={2015}
}

@book{diestel,
  title={Sequences and Series in Banach Spaces},
  author={Diestel, Joseph},
  isbn={978-1-4612-9734-5},
  series={Graduate Texts in Mathematics},
  year={1984},
  volume={92},
  publisher={Springer}
}

@article{g-smith-et-al,
  title={An Enduring Legacy: The {L}uria-{D}elbr\"uck Fluctuation Test as a Classroom Investigation in {D}arwinian Evolution},
  author={Smith, George P. and Golomb, Miriam and Billstein, Sidney K. and Montgomery-Smith, Stephen},
  journal={American Biology Teacher},
  year={2015},
  volume={77},
  number={8},
  pages={614--619}
}

@manual{sagemath,
  Key          = {sagemath},
  Author       = {The Sage \vphantom{S}Developers},
  Title        = {{S}ageMath, the {S}age {M}athematics {S}oftware {S}ystem ({V}ersion 7.3)},
  note         = {{\tt http://www.sagemath.org}},
  Year         = {2016}
}
